@book{axhausen2016,
  title = {The Multi-Agent Transport Simulation {{MATSim}}},
  author = {Axhausen, Kay W. and Horni, Andreas and Nagel, Kai},
  year = {2016-08-10, 2016-08},
  publisher = {{Ubiquity Press}},
  langid = {english}
}

@misc{baird,
  title = {Overview of Freeway Service Patrols in the United States | National Operations Center of Excellence},
  author = {Baird, Malcom E.}
}

@book{ben-akiva1985,
  title = {Discrete Choice Analysis: {{Theory}} and Applications to Travel Demand},
  author = {{Ben-Akiva}, Moshe and Lerman, Steven R.},
  year = {1985},
  eprint = {1391567},
  eprinttype = {jstor},
  publisher = {{MIT Press}}
}

@article{bennett2021,
  author = {Bennett, L. S. and Hadfield, M. G. and Schultz, G. G. and Saito, M. and Eggett, D. L.},
  title = {Performance Measures Evaluation of UDOT's Traffic Incident Management Program},
  journal = {Proceedings of the International Conference on Transportation \& Development 2021: Transportation Operations, Technologies, and Safety},
  year = {2021},
  pages = {25--36},
  editor = {Bhat, C. R.},
  publisher = {American Society of Civil Engineers},
  address = {Reston, VA},
  isbn = {978-0-7844-8353-4 (PDF)}
}

@article{bennett2022,
  author = {Bennett, L. S. and Schultz, G. G. and Hyer, J. and Saito, M. and Eggett, D. L.},
  title = {The Benefits of Expanding the Incident Management Program in Utah},
  journal = {Proceedings of the International Conference on Transportation \& Development 2022: Transportation Safety},
  year = {2022},
  pages = {264--276},
  publisher = {American Society of Civil Engineers},
  address = {Reston, VA},
  isbn = {978-0-7844-8433-3 (PDF)}
}


@article{bivina2016,
  title = {Socio Economic Valuation of Traffic Delays},
  author = {Bivina, G. R. and Landge, Vishrut and Kumar, V. S. Sanjay},
  year = {2016-01-01, 2016-01},
  journal = {Transportation Research Procedia},
  series = {International Conference on Transportation Planning and Implementation Methodologies for Developing Countries (12th {{TPMDC}}) Selected Proceedings, {{IIT}} Bombay, Mumbai, India, 10-12 December 2014},
  volume = {17},
  pages = {513--520},
  doi = {10.1016/j.trpro.2016.11.104},
  langid = {english}
}

@article{chiu2011,
  title={Dynamic Traffic Assignment: A Primer},
  author={Yi-Chang Chiu and Jon Bottom and Michael Mahut and Alexander Paz and Ramachandran Balakrishna and Travis Waller and Jim Hicks},
  journal={Transportation research circular},
  year={2011},
  url={https://api.semanticscholar.org/CorpusID:15677103}
}

@techreport{day2023,
  author = {Day, Christopher S. and Macfarlane, Gregory S and Erhardt, Gregory D and Watkins, Kari},
  title = {MMOS Integration – Forecasting Ride-Hailing across Multiple Model Frameworks},
  institution = {Transit – Serving Communities Optimally, Responsively, and Efficiently (T-SCORE) Center [UTC]; Brigham Young University; University of Kentucky; University of California, Davis},
  year = {2023},
  month = {3},
  number = {TSCORE-M3},
  url = {https://rosap.ntl.bts.gov/view/dot/67058},
  note = {Supported by United States. Department of Transportation. University Transportation Centers (UTC) Program and United States. Department of Transportation. Office of the Assistant Secretary for Research and Technology}
}


@article{dia2006,
  title = {Evaluation of Arterial Incident Management Impacts Using Traffic Simulation},
  author = {Dia, Hussein and Cottman, N.},
  year = {2006},
  journal = {Intelligent Transport Systems, IEE Proceedings},
  volume = {153},
  pages = {242--252},
  doi = {10.1049/ip-its:20055005}
}

@article{dobler2012,
  title = {Within-Day Replanning of Exceptional Events},
  author = {Dobler, Christoph and Kowald, Matthias and Rieser-Schüssler, Nadine and Axhausen, Kay W.},
  journal = {Transportation Research Record},
  volume = {2302},
  number = {1},
  pages = {138--147},
  year = {2012},
  doi = {10.3141/2302-15},
  url = {https://doi.org/10.3141/2302-15}
}

@article{geurs2010,
  title = {Accessibility Appraisal of Land-Use/Transport Policy Strategies: {{More}} than Just Adding up Travel-Time Savings},
  author = {Geurs, Karst and Zondag, Barry and {de Jong}, Gerard and {de Bok}, Michiel},
  year = {2010},
  journal = {Transportation Research Part D: Transport and Environment},
  volume = {15},
  number = {7},
  pages = {382--393},
  doi = {10.1016/j.trd.2010.04.006}
}

@article{hadfield2021,
  author = {Hadfield, M. G. and Bennett, L. S. and Schultz, G. G. and Saito, M. and Eggett, D. L.},
  title = {User Cost Analysis of UDOT's Traffic Incident Management Program},
  journal = {Proceedings of the International Conference on Transportation \& Development 2021: Transportation Planning and Development},
  year = {2021},
  pages = {71--82},
  editor = {Bhat, C. R.},
  publisher = {American Society of Civil Engineers},
  address = {Reston, VA},
  isbn = {978-0-7844-8354-1 (PDF)}
}

@incollection{horni2016,
  title = {More About Configuring MATSim},
  author = {Horni, Andreas and Nagel, Kai},
  editor = {Horni, Andreas and Nagel, Kai and Axhausen, Kay W.},
  booktitle = {The Multi-Agent Transport Simulation MATSim},
  publisher = {Ubiquity Press},
  address = {London},
  pages = {35--44},
  year = {2016},
  doi = {10.5334/baw.4},
  url = {http://dx.doi.org/10.5334/baw.4},
  license = {CC-BY 4.0}
}

@article{kaddoura2018,
  title = {Using Real-World Traffic Incident Data in Transport Modeling},
  author = {Kaddoura, Ihab and Nagel, Kai},
  year = {2018},
  journal = {Procedia Computer Science},
  series = {The 9th International Conference on Ambient Systems, Networks and Technologies ({{ANT}} 2018) / the 8th International Conference on Sustainable Energy Information Technology ({{SEIT-2018}}) / Affiliated Workshops},
  volume = {130},
  pages = {880--885},
  doi = {10.1016/j.procs.2018.04.084},
  langid = {english}
}

@techreport{kim2012,
  title = {Enhancement of Freeway Incident Traffic Management and Resulting Benefits.},
  author = {Kim, Woon and Franz, Mark and Chang, Gang-Len and {University of Maryland (College Park}, Md.). Dept. of Civil {and} Environmental Engineering},
  year = {2012},
  langid = {english}
}

@article{knuth84,
  title = {Literate Programming},
  author = {Knuth, Donald E.},
  year = {1984},
  month = may,
  journal = {Computer Journal},
  volume = {27},
  number = {2},
  pages = {97--111},
  publisher = {{Oxford University Press, Inc.}},
  address = {{USA}},
  issn = {0010-4620},
  doi = {10.1093/comjnl/27.2.97},
  issue_date = {May 1984}
}


@article{li2020,
  title = {A Multi-Dimensional Rescheduling Model in Disrupted Transport Network Using Rule-Based Decision Making},
  author = {Li, Jingsi and Ferguson, Neil},
  year = {2020},
  journal = {Procedia Computer Science},
  series = {The 11th International Conference on Ambient Systems, Networks and Technologies ({{ANT}}) / the 3rd International Conference on Emerging Data and Industry 4.0 ({{EDI40}}) / Affiliated Workshops},
  volume = {170},
  pages = {90--97},
  doi = {10.1016/j.procs.2020.03.012},
  langid = {english}
}

@article{lou2011,
  title = {Freeway Service Patrol Deployment Planning for Incident Management and Congestion Mitigation},
  author = {Lou, Yingyan and Yin, Yafeng and Lawphongpanich, Siriphong},
  year = {2011},
  journal = {Transportation Research Part C: Emerging Technologies},
  series = {Emerging Theories in Traffic and Transportation and Methods for Transportation Planning and Operations},
  volume = {19},
  number = {2},
  pages = {283--295},
  doi = {10.1016/j.trc.2010.05.014},
  langid = {english}
}

@inbook{macfarlane2023,
author = {Macfarlane, Gregory and Lant, Nate},
year = {2023},
month = {02},
pages = {141-155},
title = {How Far Are We From Transportation Equity? Measuring the Effect of Wheelchair Use on Daily Activity Patterns},
isbn = {978-981-19-8360-3},
doi = {10.1007/978-981-19-8361-0_10}
}

@article{mlogit,
  title = {Estimation of Random Utility Models in {{R}}: {{The}} {{mlogit}} Package},
  author = {Croissant, Yves},
  year = {2020},
  journal = {Journal of Statistical Software},
  volume = {95},
  number = {11},
  pages = {1--41},
  doi = {10.18637/jss.v095.i11}
}

@article{modelsummary,
  title = {{{modelsummary}}: {{Data}} and Model Summaries in {{R}}},
  author = {{Arel-Bundock}, Vincent},
  year = {2022},
  journal = {Journal of Statistical Software},
  volume = {103},
  number = {1},
  pages = {1--23},
  doi = {10.18637/jss.v103.i01}
}

@article{moore2004,
  title = {Secondary Accident Rates on Los Angeles Freeways},
  author = {Moore, James and Giuliano, Genevieve and Cho, Seongkil},
  year = {2004-05-01, 2004-05},
  journal = {Journal of Transportation Engineering-asce - J TRANSP ENG-ASCE},
  volume = {130},
  doi = {10.1061/(ASCE)0733-947X(2004)130:3(280)}
}

@incollection{nagel2016,
  title = {A Closer Look at Scoring},
  author = {Nagel, Kai and Kickhöfer, Benjamin and Horni, Andreas and Charypar, David},
  booktitle = {The Multi-Agent Transport Simulation MATSim},
  editor = {Horni, Andreas and Nagel, Kai and Axhausen, Kay W.},
  publisher = {Ubiquity Press},
  address = {London},
  pages = {23--34},
  year = {2016},
  doi = {10.5334/baw.3},
  url = {http://dx.doi.org/10.5334/baw.3},
  license = {CC-BY 4.0}
}

@inproceedings{owens2010,
  title={Traffic Incident Management Handbook},
  author={Nick Owens and April Armstrong and Paul E. Sullivan and Carol Mitchell and Diane Newton and Rebecca M. Brewster and Todd G Trego},
  year={2010},
  url={https://api.semanticscholar.org/CorpusID:106965152}
}

@article{ozbay2013,
  title = {Probabilistic Programming Models for Traffic Incident Management Operations Planning},
  author = {Ozbay, Kaan and Iyigun, Cem and {Baykal-Gursoy}, Melike and Xiao, Weihua},
  year = {2013},
  journal = {Annals of Operations Research},
  volume = {203},
  number = {1},
  pages = {389--406},
  doi = {10.1007/s10479-012-1174-6},
  langid = {english}
}

@article{pal2002,
  author = {Pal, Raktim and Sinha, Kumares C.},
  title = {Simulation Model for Evaluating and Improving Effectiveness of Freeway Service Patrol Programs},
  journal = {Journal of Transportation Engineering},
  volume = {128},
  number = {4},
  pages = {355-365},
  year = {2002},
  doi = {10.1061/(ASCE)0733-947X(2002)128:4(355)},
}

@inproceedings{paulsen2018,
  title = {Modelling Railway-Induced Passenger Delays in Multi-Modal Public Transport Networks: {{An}} Agent-Based Copenhagen Case Study Using Empirical Train Delay Data: 14th Conference on Advanced Systems in Public Transport and {{TransitData}} 2018},
  author = {Paulsen, Mads and Rasmussen, Thomas Kj{\ae}r and Nielsen, Otto Anker},
  year = {2018}
}

@misc{peungnumsai2019,
  title = {A Review of {{MATSim}}: {{A}} Pilot Study of Chatuchak, Bangkok},
  author = {Peungnumsai, Apantri and Miyazaki, Hiroyuki and Witayangkurn, Apichon and Kii, Masanobu},
  year = {2019}
}

@incollection{rieser2016,
  title = {MATSim Data Containers},
  author = {Rieser, Marcel and Nagel, Kai and Horni, Andreas},
  booktitle = {The Multi-Agent Transport Simulation MATSim},
  editor = {Horni, Andreas and Nagel, Kai and Axhausen, Kay W.},
  pages = {55--60},
  publisher = {Ubiquity Press},
  address = {London},
  year = {2016},
  doi = {10.5334/baw.6},
  url = {http://dx.doi.org/10.5334/baw.6},
  license = {CC-BY 4.0}
}

@inproceedings{rogers2012,
  title = {Resistance and Resilience\textendash Paradigms for Critical Local Infrastructure},
  author = {Rogers, Christopher DF and Bouch, Christopher J and Williams, Stephen and Barber, Austin RG and Baker, Christopher J and Bryson, John R and Chapman, David N and Chapman, Lee and Coaffee, Jon and Jefferson, Ian and others},
  year = {2012},
  volume = {165},
  pages = {73--83}
}

@techreport{schultz2023,
  author = {Schultz, G. G. and Hyer, J. and Holdsworth, W. H. and Eggett, D. L. and Macfarlane, G. S.},
  title = {Analysis of Benefits of UDOT's Expanded Incident Management Team Program},
  institution = {Utah Department of Transportation Research \& Innovation Division},
  year = {2023},
  address = {Salt Lake City},
  number = {UT-23.05}
}

@article{sisiopiku2007,
  title = {Dynamic Traffic Assignment Modeling for Incident Management},
  author = {Sisiopiku, Virginia P. and Li, Xuping and Mouskos, Kyriacos C. and Kamga, Camille and Barrett, Curtis and Abro, Abdul M.},
  year = {2007},
  journal = {Transportation Research Record},
  volume = {1994},
  number = {1},
  pages = {110--116},
  doi = {10.3141/1994-15},
  langid = {english}
}

@techreport{skabardonis1998,
  author = {Skabardonis, Alexander},
  title = {Evaluation of the Freeway Service Patrol (FSP) in Los Angeles},
  institution = {University of California, Berkeley, California PATH Program, Institute of Transportation Studies},
  year = {1998},
  type = {PATH Research Report},
  number = {UCB-ITS-PRR-98-31},
  url = {https://escholarship.org/uc/item/3920p806},
}

@article{vanlint2012,
  title = {Systematic Framework for Assessing Traffic Measures and Policies on Reliability of Traffic Operations and Travel Time},
  author = {{van Lint}, Hans and Miete, Onno and Taale, Henk and Hoogendoorn, Serge},
  year = {2012-01-01, 2012-01},
  journal = {Transportation Research Record},
  volume = {2302},
  number = {1},
  pages = {92--101},
  doi = {10.3141/2302-10},
  langid = {english}
}

@article{wirtz2005,
  title = {Using Simulation to Test Traffic Incident Management Strategies: {{The}} Benefits of Preplanning},
  author = {Wirtz, John J. and Schofer, Joseph L. and Schulz, David F.},
  year = {2005},
  journal = {Transportation Research Record},
  volume = {1923},
  number = {1},
  pages = {82--90},
  doi = {10.1177/0361198105192300109},
  langid = {english}
}
